@online{TomTom_2023,
author = {TomTom},
title = {Annual TomTom Traffic Index: The cost of driving has reached new highs around the world},
year = {2023},
url = {https://www.tomtom.com/newsroom/press-releases/general/260960154/the-cost-of-driving-has-reached-new-highs-around-the-world/},
OPTsubtitle = {•},
urldate = {2023-12-08},
}

@report{DoT_2023,
author = {{Department of Transport}},
title = {The Economic Cost of Congestion in the Greater Dublin Area 2022-2040},
OPTtype = {•},
institution = {Irish government},
year = {2023},
OPTurl = {•},
OPTurldate = {•},
}

@online{WHO_2022,
author = {{World Health Organisation}},
title = {Ambient (outdoor) air pollution},
year = {2022},
url = {https://www.who.int/news-room/fact-sheets/detail/ambient-(outdoor)-air-quality-and-health},

urldate = {2023-12-08},
}

@article{Rasheed_2020,
author={Rasheed, Faizan and Yau, Kok-Lim Alvin and Noor, Rafidah Md. and Wu, Celimuge and Low, Yeh-Ching},
journal={IEEE Access}, 
  title={Deep Reinforcement Learning for Traffic Signal Control: A Review}, 
  year={2020},
  volume={8},
  number={},
  pages={208016-208044},
  doi={10.1109/ACCESS.2020.3034141}
}

@article{Liu_2023,
title = {Multiple intersections traffic signal control based on cooperative multi-agent reinforcement learning},
journal = {Information Sciences},
volume = {647},
pages = {119484},
year = {2023},
doi = {https://doi.org/10.1016/j.ins.2023.119484},
author = {Junxiu Liu and Sheng Qin and Min Su and Yuling Luo and Yanhu Wang and Su Yang},
}

@article{Mnih_2015,
author = {Volodymyr Mnih and Koray Kavukcuoglu and David Silver and Andrei A. Rusu and Joel Veness and Marc G. Bellemare and Alex Graves and Martin Riedmiller and Andreas K. Fidjeland and Georg Ostrovski and Stig Petersen and Charles Beattie and Amir Sadik and Ioannis Antonoglou and Helen King and Dharshan Ku},
title = {Human-level control through deep reinforcement learning},
journaltitle = {Nature},
year = {2015},
volume = {518},
pages = {529–533},
doi = {doi:10.1038/nature14236},
}

@article{Khetarpal_2022,
author = {Khimya Khetarpal and Matthew Riemer and Irina Rish and Doina Precup},
title = {Towards Continual Reinforcement Learning: A Review and Perspectives},
journaltitle = {Journal of Artificial Intelligence Research},
year = {2022},
volume = {75},
doi = {https://doi.org/10.48550/arXiv.2012.13490},
}

@book{SuttonBarto_2018,
author = {Richard S. Sutton and Andrew G. Barto},
title = {Reinforcement Learning: an introduction},
year = {2018},
edition = {2},
publisher = {The MIT Press},
location = {Cambridge, MA},
isbn = {978-0-262-03924-6},
}

@misc{Schulman_2017,
author = {John Schulman and Filip Wolski and Prafulla Dhariwal and Alec Radford and Oleg Klimov},
title = {Proximal Policy Optimization Algorithms},
year = {2017},
doi = {https://doi.org/10.48550/arXiv.1707.06347},
}

@book{Yang_2019,
author = {Xin-She Yang},
title = {Introduction to Algorithms for Data Mining and Machine Learning},
year = {2019},
publisher = {Academic Press},
location = {London},
isbn = {978-0-12-817216-2},
}

@Misc{silver2015,
author = {David Silver},
title = {Lectures on 
Reinforcement Learning},
howpublished = {\textsc{url:}~\url
{https://www.davidsilver.uk/teaching/}},
year = {2015}}

@article{Wang_2022,
  author={Wang, Xu and Wang, Sen and Liang, Xingxing and Zhao, Dawei and Huang, Jincai and Xu, Xin and Dai, Bin and Miao, Qiguang},
  journal={IEEE Transactions on Neural Networks and Learning Systems}, 
  title={Deep Reinforcement Learning: A Survey}, 
  year={2022},
  volume={},
  number={},
  pages={1-15},
  doi={10.1109/TNNLS.2022.3207346}}

@article{Williams_1992,
   author = {Williams, Ronald J.},
   title = {Simple statistical gradient-following algorithms for connectionist reinforcement learning},
   journal = {Machine Learning},
   volume = {8},
   number = {3},
   pages = {229-256},
    DOI = {https://doi.org/10.1007/BF00992696},
   year = {1992},
}

@article{Watkins_1992,
   author = {Watkins, Christopher J. C. H. and Dayan, Peter},
   title = {Q-learning},
   journal = {Machine Learning},
   volume = {8},
   number = {3},
   pages = {279-292},
   DOI = {https://doi.org/10.1007/BF00992698},
   year = {1992},
}
